<record><leader>00000cas a22000007a 4500</leader><controlfield tag="001">10085434</controlfield><controlfield tag="008">831102d19211939paudr ne      0   a0eng d</controlfield><datafield ind1=" " ind2=" " tag="010"><subfield code="a">sn 83031965 </subfield></datafield><datafield ind1=" " ind2=" " tag="040"><subfield code="a">NPU</subfield><subfield code="b">eng</subfield><subfield code="c">NPU</subfield><subfield code="d">NSD</subfield><subfield code="d">NPH</subfield><subfield code="d">OCLCQ</subfield></datafield><datafield ind1=" " ind2=" " tag="042"><subfield code="a">msc</subfield></datafield><datafield ind1="0" ind2=" " tag="130"><subfield code="a">Allentown morning call (Allentown, Pa. : 1921)</subfield></datafield><datafield ind1="1" ind2="4" tag="245"><subfield code="a">The Allentown morning call.</subfield></datafield><datafield ind1=" " ind2=" " tag="260"><subfield code="a">Allentown, Pa. :</subfield><subfield code="b">Allentown Call Pub. Co.,</subfield><subfield code="c">1921-1939.</subfield></datafield><datafield ind1=" " ind2=" " tag="300"><subfield code="a">v. :</subfield><subfield code="b">ill.</subfield></datafield><datafield ind1=" " ind2=" " tag="310"><subfield code="a">Daily</subfield></datafield><datafield ind1="0" ind2=" " tag="362"><subfield code="a">Vol. 63, no. 143 (Nov. 21, 1921)-v. 98, no. 73 (Mar. 14, 1939).</subfield></datafield><datafield ind1=" " ind2=" " tag="752"><subfield code="a">United States</subfield><subfield code="b">Pennsylvania</subfield><subfield code="c">Lehigh</subfield><subfield code="d">Allentown.</subfield></datafield><datafield ind1="0" ind2="0" tag="780"><subfield code="t">Allentown morning call and morning herald</subfield><subfield code="w">(DLC)sn 88079622</subfield></datafield><datafield ind1="0" ind2="0" tag="785"><subfield code="t">Morning call (Allentown, Pa. : 1939)</subfield><subfield code="w">(DLC)sn 83045165</subfield><subfield code="w">(OCoLC)9741200</subfield></datafield></record>